<?xml version="1.0" encoding="UTF-8"?><marc:collection xmlns:marc="http://www.loc.gov/MARC21/slim" xmlns:xsi="http://www.w3.org/2001/XMLSchema-instance" xsi:schemaLocation="http://www.loc.gov/MARC21/slim http://www.loc.gov/standards/marcxml/schema/MARC21slim.xsd"><marc:record>
        <marc:leader>05281ctm a2200613Ka 4500</marc:leader>
        <marc:controlfield tag="001">224776</marc:controlfield>
        <marc:controlfield tag="005">20210807112936.0</marc:controlfield>
        <marc:controlfield tag="008">090626s1500    it a          000 0 lat d</marc:controlfield>
        <marc:datafield tag="035" ind1=" " ind2=" ">
            <marc:subfield code="a">(OCoLC)ocn416526700</marc:subfield>
        </marc:datafield>
        <marc:datafield tag="040" ind1=" " ind2=" ">
            <marc:subfield code="a">DFo</marc:subfield>
            <marc:subfield code="b">eng</marc:subfield>
            <marc:subfield code="e">amremm</marc:subfield>
            <marc:subfield code="c">UXG</marc:subfield>
            <marc:subfield code="d">UtOrBLW</marc:subfield>
        </marc:datafield>
        <marc:datafield tag="041" ind1="0" ind2=" ">
            <marc:subfield code="a">lat</marc:subfield>
            <marc:subfield code="a">eng</marc:subfield>
        </marc:datafield>
        <marc:datafield tag="100" ind1="0" ind2=" ">
            <marc:subfield code="a">Tibullus,</marc:subfield>
            <marc:subfield code="e">author.</marc:subfield>
            <marc:subfield code="0">http://id.loc.gov/authorities/names/n78087625</marc:subfield>
        </marc:datafield>
        <marc:datafield tag="245" ind1="1" ind2="0">
            <marc:subfield code="a">Elegiae</marc:subfield>
            <marc:subfield code="h">[manuscript],</marc:subfield>
            <marc:subfield code="f">compiled ca. 1500.</marc:subfield>
        </marc:datafield>
        <marc:datafield tag="300" ind1=" " ind2=" ">
            <marc:subfield code="a">54 leaves :</marc:subfield>
            <marc:subfield code="b">ill. ;</marc:subfield>
            <marc:subfield code="c">140 x 100 mm</marc:subfield>
        </marc:datafield>
        <marc:datafield tag="336" ind1=" " ind2=" ">
            <marc:subfield code="a">text</marc:subfield>
            <marc:subfield code="b">txt</marc:subfield>
            <marc:subfield code="2">rdacontent</marc:subfield>
        </marc:datafield>
        <marc:datafield tag="337" ind1=" " ind2=" ">
            <marc:subfield code="a">unmediated</marc:subfield>
            <marc:subfield code="b">n</marc:subfield>
            <marc:subfield code="2">rdamedia</marc:subfield>
        </marc:datafield>
        <marc:datafield tag="340" ind1=" " ind2=" ">
            <marc:subfield code="a">Manuscript on vellum.</marc:subfield>
        </marc:datafield>
        <marc:datafield tag="500" ind1=" " ind2=" ">
            <marc:subfield code="a">Manuscript codex.</marc:subfield>
        </marc:datafield>
        <marc:datafield tag="546" ind1=" " ind2=" ">
            <marc:subfield code="a">In Latin.</marc:subfield>
        </marc:datafield>
        <marc:datafield tag="520" ind1="2" ind2=" ">
            <marc:subfield code="a">Contains the elegies of Tibullus followed by an epitaph on Tibullus attributed to Ovid; an encomium on Tibullus' life. Also includes an autograph letter signed from Sydney Cockerell, Fitzwilliam Museum, Cambridge, to Charles Butler, February 4, 1909 concerning the manuscript (in envelope attached to inside back cover).</marc:subfield>
        </marc:datafield>
        <marc:datafield tag="500" ind1=" " ind2=" ">
            <marc:subfield code="a">Title from book spine.</marc:subfield>
        </marc:datafield>
        <marc:datafield tag="505" ind1="0" ind2=" ">
            <marc:subfield code="a">1. leaves 3r-53r: "[rubr.] Epistolarum a Tibulli poete clare et equitis Romani: Liber primus incipit. Continet epistola prima. [text] Diuitias alius fuluo sibi congerat auro et teneat culti iugera multa soli ... profluat et pomis candidus ante sinus. [rubr.] Finit primus [liber] de opera danda amori; [leaf 23v: rubr.] Incipit secundus [liber] de lustratione agrorum feliciter. [text] Quisquis adest ualeat fruges lustramus et agros ... mouerit e uotis pars quotacumque deos. [rubr] Finit secundus [liber]; [leaf 35r: rubr.] Incipit tertius [liber]. Epistola prima continet obsecrationem ad Neheram blandissimam. [text] Martis Romani feste uenere kalende ... quid miserum torques, rumor acerbe tace. [rubr.] Finis Tibulli P[oete] Cl[are]." (Tibullus: Elegies / edited by Guy Lee. Leeds: Franscis Cairns, 1990, p. 2-104).</marc:subfield>
        </marc:datafield>
        <marc:datafield tag="505" ind1="0" ind2=" ">
            <marc:subfield code="a">2. leaf 53r: "[rubr.] Epitaphium Ouidii in Tibullum. [text] Te quoque Vergilio comitem non equa Tibulle ... aut caneret forti regia bella pede." (Tibullus: Elegies / edited by Guy Lee. Leeds: Franscis Cairns, 1990, p. 106).</marc:subfield>
        </marc:datafield>
        <marc:datafield tag="505" ind1="0" ind2=" ">
            <marc:subfield code="a">3. Leaf 53r-53v: "[rubr.] Argumentum de uita ex laude Tibulli. [text] Albius Tibullus eques Romanus insignis forma cultuque ... ut indicat epigramma suprascriptum." (Tibullus: Elegies / edited by Guy Lee. Leeds: Franscis Cairns, 1990, p. 106).</marc:subfield>
        </marc:datafield>
        <marc:datafield tag="500" ind1=" " ind2=" ">
            <marc:subfield code="a">Collation: Leaves ii + 54 + iii; 1² 2-6¹⁰ 7²; horizontal catchwords throughout.</marc:subfield>
        </marc:datafield>
        <marc:datafield tag="500" ind1=" " ind2=" ">
            <marc:subfield code="a">Layout: Written in 20 long lines (dimensions of written space: 105 x 70 mm); hardpoint ruling; each line drawn separately; notes on leaves 1v and 2r.</marc:subfield>
        </marc:datafield>
        <marc:datafield tag="500" ind1=" " ind2=" ">
            <marc:subfield code="a">Script: Written in an Italian Cursive hand.</marc:subfield>
        </marc:datafield>
        <marc:datafield tag="500" ind1=" " ind2=" ">
            <marc:subfield code="a">Decorations: Gold, red, blue and green illuminated border, with a coat of arms (partially removed) on leaf 3r.</marc:subfield>
        </marc:datafield>
        <marc:datafield tag="500" ind1=" " ind2=" ">
            <marc:subfield code="a">Decoration: Illuminated initials on leaves 3r, 23v, and 35r; alternating gold and blue initials throughout; initial on leaf 7v cut out.</marc:subfield>
        </marc:datafield>
        <marc:datafield tag="563" ind1=" " ind2=" ">
            <marc:subfield code="a">Bound in brown morocco, blind tooled in July 1908 for Charles Butler.</marc:subfield>
        </marc:datafield>
        <marc:datafield tag="500" ind1=" " ind2=" ">
            <marc:subfield code="a">Origin: Italy, late 15th century.</marc:subfield>
        </marc:datafield>
        <marc:datafield tag="561" ind1="1" ind2=" ">
            <marc:subfield code="a">Formerly ownd by Don Matteus de Barresio, ca. 1500; Charles Butler (bookplate covered); and W.T. Smedley (bookplate).</marc:subfield>
        </marc:datafield>
        <marc:datafield tag="500" ind1=" " ind2=" ">
            <marc:subfield code="a">Shelfmark: Washington, D.C., Folger Shakespeare Library, MS V.a.82.</marc:subfield>
        </marc:datafield>
        <marc:datafield tag="510" ind1="4" ind2=" ">
            <marc:subfield code="a">Ricci, S. de. Census of medieval and Renaissance manuscripts in the United States and Canada,</marc:subfield>
            <marc:subfield code="c">SM.5</marc:subfield>
        </marc:datafield>
        <marc:datafield tag="583" ind1="0" ind2=" ">
            <marc:subfield code="a">cataloged</marc:subfield>
            <marc:subfield code="c">2008-10</marc:subfield>
            <marc:subfield code="k">Andrew Sulavik</marc:subfield>
            <marc:subfield code="x">Item cataloged in hand and from existing description</marc:subfield>
            <marc:subfield code="2">local</marc:subfield>
        </marc:datafield>
        <marc:datafield tag="541" ind1="1" ind2=" ">
            <marc:subfield code="a">Purchased as part of the Smedley Collection in 1924 by Henry Clay Folger.</marc:subfield>
            <marc:subfield code="e">Smedley 5</marc:subfield>
        </marc:datafield>
        <marc:datafield tag="600" ind1="1" ind2="0">
            <marc:subfield code="a">Cockerell, Sydney Carlyle,</marc:subfield>
            <marc:subfield code="c">Sir,</marc:subfield>
            <marc:subfield code="d">1867-1962</marc:subfield>
            <marc:subfield code="v">Correspondence</marc:subfield>
            <marc:subfield code="v">Manuscripts.</marc:subfield>
            <marc:subfield code="0">http://id.loc.gov/authorities/names/n50032243</marc:subfield>
        </marc:datafield>
        <marc:datafield tag="600" ind1="1" ind2="0">
            <marc:subfield code="a">Butler, Charles,</marc:subfield>
            <marc:subfield code="d">1821-1910</marc:subfield>
            <marc:subfield code="v">Correspondence</marc:subfield>
            <marc:subfield code="v">Manuscripts.</marc:subfield>
            <marc:subfield code="0">http://id.loc.gov/authorities/names/n88225515</marc:subfield>
        </marc:datafield>
        <marc:datafield tag="655" ind1=" " ind2="0">
            <marc:subfield code="a">Manuscripts, Latin</marc:subfield>
            <marc:subfield code="z">Italy</marc:subfield>
            <marc:subfield code="y">15th century.</marc:subfield>
        </marc:datafield>
        <marc:datafield tag="655" ind1=" " ind2="7">
            <marc:subfield code="a">Poems</marc:subfield>
            <marc:subfield code="z">Italy</marc:subfield>
            <marc:subfield code="y">15th century</marc:subfield>
            <marc:subfield code="v">Manuscripts.</marc:subfield>
            <marc:subfield code="2">rbgenr</marc:subfield>
        </marc:datafield>
        <marc:datafield tag="655" ind1=" " ind2="7">
            <marc:subfield code="a">Epitaphs</marc:subfield>
            <marc:subfield code="z">Italy</marc:subfield>
            <marc:subfield code="y">15th century</marc:subfield>
            <marc:subfield code="v">Manuscripts.</marc:subfield>
            <marc:subfield code="2">rbgenr</marc:subfield>
        </marc:datafield>
        <marc:datafield tag="655" ind1=" " ind2="7">
            <marc:subfield code="a">Manuscripts (documents)</marc:subfield>
            <marc:subfield code="z">England</marc:subfield>
            <marc:subfield code="z">Cambridge</marc:subfield>
            <marc:subfield code="y">20th century.</marc:subfield>
            <marc:subfield code="2">aat</marc:subfield>
        </marc:datafield>
        <marc:datafield tag="655" ind1=" " ind2="7">
            <marc:subfield code="a">Letters (correspondence)</marc:subfield>
            <marc:subfield code="z">England</marc:subfield>
            <marc:subfield code="z">Cambridge</marc:subfield>
            <marc:subfield code="y">20th century</marc:subfield>
            <marc:subfield code="v">Manuscripts.</marc:subfield>
            <marc:subfield code="2">aat</marc:subfield>
        </marc:datafield>
        <marc:datafield tag="700" ind1="1" ind2=" ">
            <marc:subfield code="a">Barresio, Mattheus de.,</marc:subfield>
            <marc:subfield code="e">former owner.</marc:subfield>
            <marc:subfield code="5">DFo</marc:subfield>
        </marc:datafield>
        <marc:datafield tag="700" ind1="1" ind2=" ">
            <marc:subfield code="a">Butler, Charles,</marc:subfield>
            <marc:subfield code="d">1821-1910,</marc:subfield>
            <marc:subfield code="e">former owner.</marc:subfield>
            <marc:subfield code="5">DFo</marc:subfield>
            <marc:subfield code="0">http://id.loc.gov/authorities/names/n88225515</marc:subfield>
        </marc:datafield>
        <marc:datafield tag="700" ind1="1" ind2=" ">
            <marc:subfield code="a">Smedley, William T.</marc:subfield>
            <marc:subfield code="q">(William Thomas),</marc:subfield>
            <marc:subfield code="d">1851-1934,</marc:subfield>
            <marc:subfield code="e">former owner.</marc:subfield>
            <marc:subfield code="5">DFo</marc:subfield>
            <marc:subfield code="0">http://id.loc.gov/authorities/names/nr00034122</marc:subfield>
        </marc:datafield>
        <marc:datafield tag="700" ind1="1" ind2=" ">
            <marc:subfield code="a">Cockerell, Sydney Carlyle,</marc:subfield>
            <marc:subfield code="c">Sir,</marc:subfield>
            <marc:subfield code="d">1867-1962,</marc:subfield>
            <marc:subfield code="e">correspondent.</marc:subfield>
            <marc:subfield code="0">http://id.loc.gov/authorities/names/n50032243</marc:subfield>
        </marc:datafield>
        <marc:datafield tag="700" ind1="1" ind2=" ">
            <marc:subfield code="a">Folger, Henry Clay,</marc:subfield>
            <marc:subfield code="d">1857-1930,</marc:subfield>
            <marc:subfield code="e">former owner.</marc:subfield>
            <marc:subfield code="5">DFo</marc:subfield>
            <marc:subfield code="0">http://id.loc.gov/authorities/names/nr2002007592</marc:subfield>
        </marc:datafield>
        <marc:datafield tag="700" ind1="1" ind2=" ">
            <marc:subfield code="a">Folger, Emily C. J.</marc:subfield>
            <marc:subfield code="q">(Emily Clara Jordan),</marc:subfield>
            <marc:subfield code="d">1858-1936,</marc:subfield>
            <marc:subfield code="e">former owner.</marc:subfield>
            <marc:subfield code="5">DFo</marc:subfield>
            <marc:subfield code="0">http://id.loc.gov/authorities/names/nr2003016105</marc:subfield>
        </marc:datafield>
        <marc:datafield tag="700" ind1="1" ind2=" ">
            <marc:subfield code="a">Butler, Charles,</marc:subfield>
            <marc:subfield code="d">1821-1910,</marc:subfield>
            <marc:subfield code="e">recipient.</marc:subfield>
            <marc:subfield code="0">http://id.loc.gov/authorities/names/n88225515</marc:subfield>
        </marc:datafield>
        <marc:datafield tag="752" ind1=" " ind2=" ">
            <marc:subfield code="a">Italy.</marc:subfield>
        </marc:datafield>
        <marc:datafield tag="752" ind1=" " ind2=" ">
            <marc:subfield code="a">Great Britain</marc:subfield>
            <marc:subfield code="b">England</marc:subfield>
            <marc:subfield code="d">Cambridge.</marc:subfield>
        </marc:datafield>
        <marc:datafield tag="700" ind1="0" ind2=" ">
            <marc:subfield code="a">Ovid,</marc:subfield>
            <marc:subfield code="d">43 B.C.-17 A.D. or 18 A.D.</marc:subfield>
            <marc:subfield code="0">http://id.loc.gov/authorities/names/n79041738</marc:subfield>
        </marc:datafield>
        <marc:datafield tag="852" ind1="8" ind2=" ">
            <marc:subfield code="a">Folger Shakespeare Library</marc:subfield>
            <marc:subfield code="b">DeckC-Rare</marc:subfield>
            <marc:subfield code="h">V.a.82</marc:subfield>
            <marc:subfield code="x">LK-S; rev 200812 ats/aeb</marc:subfield>
        </marc:datafield>
    </marc:record></marc:collection>